@INPROCEEDINGS{Elkan01thefoundations,
    author = {Charles Elkan},
    title = {The Foundations of Cost-Sensitive Learning},
    booktitle = {Proceedings of the Seventeenth International Joint Conference on Artificial Intelligence},
    year = {2001},
    pages = {973--978}
}

@misc{CatastrophicForgetting,
    Author = {Mariya Toneva and Alessandro Sordoni and Remi Tachet des Combes and Adam Trischler and Yoshua Bengio and Geoffrey J. Gordon},
    Title = {An Empirical Study of Example Forgetting during Deep Neural Network Learning},
    Year = {2018},
    Eprint = {arXiv:1812.05159},
}

@article{metacost,
    author = {DOMINGOS, P.},
    title = {MetaCost : A General Method for Making Classifiers Cost-Sensitive},
    journal = {Proc. Fifth Intl. Conf. on Knowledge Discovery and Data Mining (KDD), 1999},
    year = {1999},
    pages = {155-164},
    URL = {https://ci.nii.ac.jp/naid/10012928889/}
}

@article{metacost2,
    author = "鈴木 英之進",
    title = "正確な学習よりも得する学習　-誤分類コストを考慮する学習-（2）解決編",
    journal = "情報処理",
    ISSN = "04478053",
    publisher = "一般社団法人情報処理学会",
    year = "2004",
    month = "may",
    volume = "45",
    number = "5",
    pages = "500-505",
    URL = "https://ci.nii.ac.jp/naid/110002711368/"
}

@article{metacost3,
    title = "MetaCost - 機械学習の「朱鷺の杜Wiki」, http://ibisforest.org/index.php?MetaCost",
    year = "2012",
    month = "dec",
}

@article{lecun2015deep,
    title = {Deep learning},
    author = {LeCun, Yann and Bengio, Yoshua and Hinton, Geoffrey},
    journal = {nature},
    volume = {521},
    number = {7553},
    pages = {436--444},
    year = {2015},
    publisher = {Nature Publishing Group}
}

@article{zhou2010multi,
    title = {On multi-class cost-sensitive learning},
    author = {Zhou, Zhi-Hua and Liu, Xu-Ying},
    journal = {Computational Intelligence},
    volume = {26},
    number = {3},
    pages = {232--257},
    year = {2010},
    publisher = {Wiley Online Library}
}

@article{AdvancesinCost-sensitiveMulticlassandMultilabelClassification,
    author = {Lin, Hsuan-Tien},
    title = {Advances in Cost-Sensitive Multiclass and Multilabel Classification},
    year = {2019},
    isbn = {9781450362016},
    publisher = {Association for Computing Machinery},
    address = {New York, NY, USA},
    url = {https://doi.org/10.1145/3292500.3332283},
    doi = {10.1145/3292500.3332283},
    booktitle = {Proceedings of the 25th ACM SIGKDD International Conference on Knowledge Discovery &amp; Data Mining},
    pages = {3187–3188},
    numpages = {2},
    keywords = {multiclass classification, multilabel classification, cost-sensitive learning},
    location = {Anchorage, AK, USA},
    series = {KDD '19}
}

@article{Cost-SensitiveLearningbyCost-ProportionateExampleWeighting,
    author = {Bianca Zadrozny, John Langford, and Naoki Abe.},
    title = {Cost-Sensitive Learning by Cost-Proportionate Example Weighting},
    journal = {In Proceedings of the International Conference on Data Mining (ICDM). 435–442.},
    year = {2003},
}

@article{MetaCost:AGeneralMethodforMak-ingClassifiersCost-Sensitive,
    author = {Pedro Domingos},
    title = {MetaCost: A General Method for Mak-ing Classifiers Cost-Sensitive},
    journal = {In Proceedings of the 5th ACM SIGKDD International Conference on Knowledge Discovery and Data Mining (KDD). 155–164.},
    year = {1999},
}

@article{Error-LimitingReductionsBetweenClass-sificationTasks,
    author = {Alina Beygelzimer, Varsha Dani, Tom Hayes, John Langford, and Bianca Zadrozny},
    title = {Error-Limiting Reductions Between Clas-sification Tasks},
    journal = {In Proceedings of the International Conference on Machine Learning (ICML). 49–56.},
    year = {2005},
}

@article{ReductionfromCost-SensitiveMulticlassClassificationtoOne-versus-OneBinaryClassification,
    author = {Hsuan-Tien Lin},
    title = {Reduction from Cost-Sensitive Multiclass Classification to One-versus-One Binary Classification},
    journal = {In Pro-ceedings of the Asian Conference on Machine Learning (ACML)(JMLR Workshop and Conference Proceedings), Vol. 39. 371–386.},
    year = {2014},
}

@article{Error-CorrectingTournaments,
    author = {Alina Beygelzimer, John Langford, and Pradeep Ravikumar},
    title = {Error-Correcting Tournaments},
    journal = {In Proceedings of the Conference on Algorithmic Learning Theory (ALT). 247–262.},
    year = {2009},
}

@article{One-sidedSupportVectorRegressionforMulticlassCost-sensitiveClassification,
    author = {Han-Hsing Tu and Hsuan-Tien Lin},
    title = {One-sided Support Vector Regression for Multiclass Cost-sensitive Classification},
    journal = {In Proceedings of the 27th International Conference on Machine Learning (ICML). 1095–1102.},
    year = {2010},
}

@article{Cost-awarePre-trainingforMulticlassCost-sensitiveDeepLearning,
    author = {Yu-An Chung, Hsuan-Tien Lin, and Shao-Wen Yang},
    title = {Cost-aware Pre-training for Multiclass Cost-sensitive Deep Learning},
    journal = {In Proceedings of the 25th International Joint Conference on Artificial Intelligence (IJCAI). 1411–1417.},
    year = {2016},
}

@article{zhou2005training,
    title = {Training cost-sensitive neural networks with methods addressing the class imbalance problem},
    author = {Zhou, Zhi-Hua and Liu, Xu-Ying},
    journal = {IEEE Transactions on knowledge and data engineering},
    volume = {18},
    number = {1},
    pages = {63--77},
    year = {2005},
    publisher = {IEEE}
}

@article{ting2002instance,
    title = {An instance-weighting method to induce cost-sensitive trees},
    author = {Ting, Kai Ming},
    journal = {IEEE Transactions on Knowledge and Data Engineering},
    volume = {14},
    number = {3},
    pages = {659--665},
    year = {2002},
    publisher = {IEEE}
}

@book{breiman1984classification,
    title = {Classification and regression trees},
    author = {Breiman, Leo and Friedman, Jerome and Stone, Charles J and Olshen, Richard A},
    year = {1984},
    publisher = {CRC press}
}
@inproceedings{drummond2003c4,
    title = {C4. 5, class imbalance, and cost sensitivity: why under-sampling beats over-sampling},
    author = {Drummond, Chris and Holte, Robert C and others},
    booktitle = {Workshop on learning from imbalanced datasets II},
    volume = {11},
    pages = {1--8},
    year = {2003},
    organization = {Citeseer}
}

@inproceedings{maloof2003learning,
    title = {Learning when data sets are imbalanced and when costs are unequal and unknown},
    author = {Maloof, Marcus A},
    booktitle = {ICML-2003 workshop on learning from imbalanced data sets II},
    volume = {2},
    pages = {2--1},
    year = {2003}
}

@inproceedings{Iwai2018,
    title = {類似度学習を用いた敵対的訓練による特徴表現の検閲},
    author = {岩澤有祐 and 松尾豊},
    booktitle = {人工知能学会全国大会論文集 第 32 回全国大会 (2018)},
    pages = {3A105--3A105},
    year = {2018},
    organization = {一般社団法人 人工知能学会}
}

@inproceedings{tsneqiita,
    title = {t-SNEを理解して可視化力を高める - Qiita},
    url = {https://qiita.com/g-k/items/120f1cf85ff2ceae4aba},
    booktitle = {https://qiita.com/g-k/items/120f1cf85ff2ceae4aba},
}

@article{kulluk2016cost,
    title = {Cost-sensitive meta-learning classifiers: MEPAR-miner and DIFACONN-miner},
    author = {Kulluk, Sinem and { \"O } zbak { \i } r, Lale and Tapkan, P { \i } nar Zarif and Baykaso { \u { g } } lu, Adil},
    journal = {Knowledge-Based Systems},
    volume = {98},
    pages = {148--161},
    year = {2016},
    publisher = {Elsevier}
}

@article{donahue2016adversarial,
    title = {Adversarial feature learning},
    author = {Donahue, Jeff and Kr { \"a } henb { \"u } hl, Philipp and Darrell, Trevor},
    journal = {arXiv preprint arXiv:1605.09782},
    year = {2016}
}

@inproceedings{goodfellow2014generative,
    title = {Generative adversarial nets},
    author = {Goodfellow, Ian and Pouget-Abadie, Jean and Mirza, Mehdi and Xu, Bing and Warde-Farley, David and Ozair, Sherjil and Courville, Aaron and Bengio, Yoshua},
    booktitle = {Advances in neural information processing systems},
    pages = {2672--2680},
    year = {2014}
}
@article{radford2015unsupervised,
    title = {Unsupervised representation learning with deep convolutional generative adversarial networks},
    author = {Radford, Alec and Metz, Luke and Chintala, Soumith},
    journal = {arXiv preprint arXiv:1511.06434},
    year = {2015}
}
@inproceedings{denton2015deep,
    title = {Deep generative image models using a￼ laplacian pyramid of adversarial networks},
    author = {Denton, Emily L and Chintala, Soumith and Fergus, Rob and others},
    booktitle = {Advances in neural information processing systems},
    pages = {1486--1494},
    year = {2015}
}
@article{dumoulin2016adversarially,
    title = {Adversarially learned inference},
    author = {Dumoulin, Vincent and Belghazi, Ishmael and Poole, Ben and Mastropietro, Olivier and Lamb, Alex and Arjovsky, Martin and Courville, Aaron},
    journal = {arXiv preprint arXiv:1606.00704},
    year = {2016}
}

@article{hinton2006reducing,
    title = {Reducing the dimensionality of data with neural networks},
    author = {Hinton, Geoffrey E and Salakhutdinov, Ruslan R},
    journal = {science},
    volume = {313},
    number = {5786},
    pages = {504--507},
    year = {2006},
    publisher = {American Association for the Advancement of Science}
}

@inproceedings{salakhutdinov2009deep,
    title = {Deep boltzmann machines},
    author = {Salakhutdinov, Ruslan and Hinton, Geoffrey},
    booktitle = {Artificial intelligence and statistics},
    pages = {448--455},
    year = {2009}
}

@article{lecun1998gradient,
    title = {Gradient-based learning applied to document recognition},
    author = {LeCun, Yann and Bottou, L { \'e } on and Bengio, Yoshua and Haffner, Patrick},
    journal = {Proceedings of the IEEE},
    volume = {86},
    number = {11},
    pages = {2278--2324},
    year = {1998},
    publisher = {Ieee}
}

@article{russakovsky2015imagenet,
    title = {Imagenet large scale visual recognition challenge},
    author = {Russakovsky, Olga and Deng, Jia and Su, Hao and Krause, Jonathan and Satheesh, Sanjeev and Ma, Sean and Huang, Zhiheng and Karpathy, Andrej and Khosla, Aditya and Bernstein, Michael and others},
    journal = {International journal of computer vision},
    volume = {115},
    number = {3},
    pages = {211--252},
    year = {2015},
    publisher = {Springer}
}

@inproceedings{goodfellow2013bengio,
    title = {Maxout networks},
    author = {Ian Goodfellow, David Warde-Farley, Mehdi Mirza, Aaron Courville, and Yoshua Bengio.},
    booktitle = {International Conference on Machine Learning (ICML)},
    pages = {1319--1327},
    year = {2013}
}

@article{krizhevsky2017imagenet,
    title = {Imagenet classification with deep convolutional neural networks},
    author = {Krizhevsky, Alex and Sutskever, Ilya and Hinton, Geoffrey E},
    journal = {Communications of the ACM},
    volume = {60},
    number = {6},
    pages = {84--90},
    year = {2017},
    publisher = {AcM New York, NY, USA}
}

@inproceedings{noroozi2016unsupervised,
    title = {Unsupervised learning of visual representations by solving jigsaw puzzles},
    author = {Noroozi, Mehdi and Favaro, Paolo},
    booktitle = {European Conference on Computer Vision},
    pages = {69--84},
    year = {2016},
    organization = {Springer}
}

@inproceedings{nair2010rectified,
    title = {Rectified linear units improve restricted boltzmann machines},
    author = {Nair, Vinod and Hinton, Geoffrey E},
    booktitle = {Icml},
    year = {2010}
}

@article{bakator2018deep,
    title = {Deep learning and medical diagnosis: A review of literature},
    author = {Bakator, Mihalj and Radosav, Dragica},
    journal = {Multimodal Technologies and Interaction},
    volume = {2},
    number = {3},
    pages = {47},
    year = {2018},
    publisher = {Multidisciplinary Digital Publishing Institute}
}

@article{srivastava2014dropout,
    title = {Dropout: a simple way to prevent neural networks from overfitting},
    author = {Srivastava, Nitish and Hinton, Geoffrey and Krizhevsky, Alex and Sutskever, Ilya and Salakhutdinov, Ruslan},
    journal = {The journal of machine learning research},
    volume = {15},
    number = {1},
    pages = {1929--1958},
    year = {2014},
    publisher = {JMLR. org}
}

@inproceedings{saranya2019survey,
    title = {Survey on big data analytics in health care},
    author = {Saranya, P and Asha, P},
    booktitle = {2019 International Conference on Smart Systems and Inventive Technology (ICSSIT)},
    pages = {46--51},
    year = {2019},
    organization = {IEEE}
}

@inproceedings{ioffe2015batch,
    title = {Batch normalization: Accelerating deep network training by reducing internal covariate shift},
    author = {Ioffe, Sergey and Szegedy, Christian},
    booktitle = {International conference on machine learning},
    pages = {448--456},
    year = {2015},
    organization = {PMLR}
}

@article{krizhevsky2012imagenet,
    title = {Imagenet classification with deep convolutional neural networks},
    author = {Krizhevsky, Alex and Sutskever, Ilya and Hinton, Geoffrey E},
    journal = {Advances in neural information processing systems},
    volume = {25},
    year = {2012}
}

@article{yurtsever2020survey,
    title = {A survey of autonomous driving: Common practices and emerging technologies},
    author = {Yurtsever, Ekim and Lambert, Jacob and Carballo, Alexander and Takeda, Kazuya},
    journal = {IEEE access},
    volume = {8},
    pages = {58443--58469},
    year = {2020},
    publisher = {IEEE}
}

@article{Everingham2014ThePV,
    title = {The Pascal Visual Object Classes Challenge: A Retrospective},
    author = {M. Everingham and S. Eslami and L. Gool and C. K. Williams and J. Winn and Andrew Zisserman},
    journal = {International Journal of Computer Vision},
    year = {2014},
    volume = {111},
    pages = {98-136}
}

@misc{girshick2015fast,
    title = {Fast R-CNN},
    author = {Ross Girshick},
    year = {2015},
    eprint = {1504.08083},
    archivePrefix = {arXiv},
    primaryClass = {cs.CV}
}

@misc{long2015fully,
    title = {Fully Convolutional Networks for Semantic Segmentation},
    author = {Jonathan Long and Evan Shelhamer and Trevor Darrell},
    year = {2015},
    eprint = {1411.4038},
    archivePrefix = {arXiv},
    primaryClass = {cs.CV}
}

@misc{krahenbuhl2016datadependent,
    title = {Data-dependent Initializations of Convolutional Neural Networks},
    author = {Philipp Kr { \"a } henb { \"u } hl and Carl Doersch and Jeff Donahue and Trevor Darrell},
    year = {2016},
    eprint = {1511.06856},
    archivePrefix = {arXiv},
    primaryClass = {cs.CV}
}

@misc{doersch2016unsupervised,
    title = {Unsupervised Visual Representation Learning by Context Prediction},
    author = {Carl Doersch and Abhinav Gupta and Alexei A. Efros},
    year = {2016},
    eprint = {1505.05192},
    archivePrefix = {arXiv},
    primaryClass = {cs.CV}
}

@misc{agrawal2015learning,
    title = {Learning to See by Moving},
    author = {Pulkit Agrawal and Joao Carreira and Jitendra Malik},
    year = {2015},
    eprint = {1505.01596},
    archivePrefix = {arXiv},
    primaryClass = {cs.CV}
}

@misc{wang2015unsupervised,
    title = {Unsupervised Learning of Visual Representations using Videos},
    author = {Xiaolong Wang and Abhinav Gupta},
    year = {2015},
    eprint = {1505.00687},
    archivePrefix = {arXiv},
    primaryClass = {cs.CV}
}

@misc{pathak2016context,
    title = {Context Encoders: Feature Learning by Inpainting},
    author = {Deepak Pathak and Philipp Krahenbuhl and Jeff Donahue and Trevor Darrell and Alexei A. Efros},
    year = {2016},
    eprint = {1604.07379},
    archivePrefix = {arXiv},
    primaryClass = {cs.CV}
}

@misc{jang2016tutorial,
    title = {Tutorial: Categorical variational autoencoders using gumbel-softmax},
    author = {Jang, Eric},
    year = {2016}
}

@article{bartlett2006convexity,
    title = {Convexity, classification, and risk bounds},
    author = {Bartlett, Peter L and Jordan, Michael I and McAuliffe, Jon D},
    journal = {Journal of the American Statistical Association},
    volume = {101},
    number = {473},
    pages = {138--156},
    year = {2006},
    publisher = {Taylor \& Francis}
}
@inproceedings{beijbom2014guess,
    title = {Guess-averse loss functions for cost-sensitive multiclass boosting},
    author = {Beijbom, Oscar and Saberian, Mohammad and Kriegman, David and Vasconcelos, Nuno},
    booktitle = {International Conference on Machine Learning},
    pages = {586--594},
    year = {2014}
}
@article{li2019crcen,
    title = {CRCEN: A Generalized Cost-sensitive Neural Network Approach for Imbalanced Classification}, author = {Li, Xiangrui and Zhu, Dongxiao}, journal = {arXiv preprint arXiv:1906.04026}, year = {2019} }

@article{aurelio2019learning,
    title = {Learning from imbalanced data sets with weighted cross-entropy function},
    author = {Aurelio, Yuri Sousa and de Almeida, Gustavo Matheus and de Castro, Cristiano Leite and Braga, Antonio Padua},
    journal = {Neural Processing Letters},
    volume = {50},
    number = {2},
    pages = {1937--1949},
    year = {2019},
    publisher = {Springer}
}

@inproceedings{kukar1998cost,
    title = {Cost-sensitive learning with neural networks.},
    author = {Kukar, Matjaz and Kononenko, Igor and others},
    booktitle = {ECAI},
    volume = {98},
    pages = {445--449},
    year = {1998}
}

@inproceedings{alejo2007improving,
    title = {Improving the performance of the RBF neural networks trained with imbalanced samples},
    author = {Alejo, Roberto and Garc { \'\i } a, Vicente and Sotoca, Jos { \'e } Mart { \'\i } nez and Mollineda, Ram { \'o } n Alberto and S { \'a } nchez, Jos { \'e } Salvador},
    booktitle = {International work-conference on artificial neural networks},
    pages = {162--169},
    year = {2007},
    organization = {Springer}
}

@article{ho2019real,
    title = {The Real-World-Weight Cross-Entropy Loss Function: Modeling the Costs of Mislabeling},
    author = {Ho, Yaoshiang and Wookey, Samuel},
    journal = {IEEE Access},
    volume = {8},
    pages = {4806--4813},
    year = {2019},
    publisher = {IEEE}
}


@misc{abadi2016tensorflow, title = {Tensorflow: Large-scale machine learning on heterogeneous distributed systems}, author = {Abadi, Mart { '\i } n and Agarwal, Ashish and Barham, Paul and Brevdo, Eugene and Chen, Zhifeng and Citro, Craig and Corrado, Greg S and Davis, Andy and Dean, Jeffrey and Devin, Matthieu and others}, journal = {arXiv preprint arXiv:1603.04467}, year = {2016} }

@inproceedings{cui2019class,
    title = {Class-balanced loss based on effective number of samples},
    author = {Cui, Yin and Jia, Menglin and Lin, Tsung-Yi and Song, Yang and Belongie, Serge},
    booktitle = {Proceedings of the IEEE Conference on Computer Vision and Pattern Recognition},
    pages = {9268--9277},
    year = {2019}
}

@inproceedings{lin2017focal,
    title = {Focal loss for dense object detection},
    author = {Lin, Tsung-Yi and Goyal, Priya and Girshick, Ross and He, Kaiming and Doll { \'a } r, Piotr},
    booktitle = {Proceedings of the IEEE international conference on computer vision},
    pages = {2980--2988},
    year = {2017}
}

@article{dhariwalwasserstein,
    title = {The Wasserstein Loss Function},
    author = {Dhariwal, Prafulla and Inala, Jeevana}
}

@inproceedings{frogner2015learning,
    title = {Learning with a Wasserstein loss},
    author = {Frogner, Charlie and Zhang, Chiyuan and Mobahi, Hossein and Araya, Mauricio and Poggio, Tomaso A},
    booktitle = {Advances in neural information processing systems},
    pages = {2053--2061},
    year = {2015}
}

@inproceedings{cuturi2013sinkhorn,
    title = {Sinkhorn distances: Lightspeed computation of optimal transport},
    author = {Cuturi, Marco},
    booktitle = {Advances in neural information processing systems},
    pages = {2292--2300},
    year = {2013}
}

@inproceedings{bradford1998pruning,
    title = {Pruning decision trees with misclassification costs},
    author = {Bradford, Jeffrey P and Kunz, Clayton and Kohavi, Ron and Brunk, Cliff and Brodley, Carla E},
    booktitle = {European Conference on Machine Learning},
    pages = {131--136},
    year = {1998},
    organization = {Springer}
}

@inproceedings{fan1999adacost,
    title = {AdaCost: misclassification cost-sensitive boosting},
    author = {Fan, Wei and Stolfo, Salvatore J and Zhang, Junxin and Chan, Philip K},
    booktitle = {Icml},
    volume = {99},
    pages = {97--105},
    year = {1999}
}

@inproceedings{freund1996experiments,
    title = {Experiments with a new boosting algorithm},
    author = {Freund, Yoav and Schapire, Robert E and others},
    booktitle = {icml},
    volume = {96},
    pages = {148--156},
    year = {1996},
    organization = {Citeseer}
}
@inproceedings{japkowicz2000learning,
    title = {Learning from imbalanced data sets: a comparison of various strategies},
    author = {Japkowicz, Nathalie and others},
    booktitle = {AAAI workshop on learning from imbalanced data sets},
    volume = {68},
    pages = {10--15},
    year = {2000},
    organization = {Menlo Park, CA}
}
@misc{margineantu2000bootstrap,
    title = {Bootstrap methods for the cost-sensitive evaluation of classifiers},
    author = {Margineantu, Dragos Dorin and Dietterich, Thomas Glen and others},
    year = {2000}
}
@article{lemarechal2012cauchy,
    title = {Cauchy and the gradient method},
    author = {Lemar { \'e } chal, Claude},
    journal = {Doc Math Extra},
    volume = {251},
    pages = {254},
    year = {2012}
}

@article{peyre2019computational,
    year = {2019},
    volume = {11},
    journal = {Foundations and Trends in Machine Learning},
    title = {Computational Optimal Transport},
    number = {5-6},
    pages = {355--607},
    author = {Gabriel Peyr { \'e } and Marco Cuturi}
}


@book{villani2008optimal,
    title = {Optimal transport: old and new},
    author = {Villani, C { \'e } dric},
    volume = {338},
    year = {2008},
    publisher = {Springer Science \& Business Media}
}
@book{bertsimas1997introduction,
    title = {Introduction to linear optimization},
    author = {Bertsimas, Dimitris and Tsitsiklis, John N},
    volume = {6},
    year = {1997},
    publisher = {Athena Scientific Belmont, MA}
}

@article{pawara2020one,
    title = {One-vs-One classification for deep neural networks},
    author = {Pawara, Pornntiwa and Okafor, Emmanuel and Groefsema, Marc and He, Sheng and Schomaker, Lambert RB and Wiering, Marco A},
    journal = {Pattern Recognition},
    volume = {108},
    pages = {107528},
    year = {2020},
    publisher = {Elsevier}
}

@inproceedings{wen2016discriminative,
    title = {A discriminative feature learning approach for deep face recognition},
    author = {Wen, Yandong and Zhang, Kaipeng and Li, Zhifeng and Qiao, Yu},
    booktitle = {European conference on computer vision},
    pages = {499--515},
    year = {2016},
    organization = {Springer}
}

@article{ho2018cifar10,
    title = {CIFAR10 to compare visual recognition performance between deep neural networks and humans},
    author = {Ho-Phuoc, Tien},
    journal = {arXiv preprint arXiv:1811.07270},
    year = {2018}
}

@article{devries2017improved,
    title = {Improved regularization of convolutional neural networks with cutout},
    author = {DeVries, Terrance and Taylor, Graham W},
    journal = {arXiv preprint arXiv:1708.04552},
    year = {2017}
}
@article{lin2013network,
    title = {Network in network},
    author = {Lin, Min and Chen, Qiang and Yan, Shuicheng},
    journal = {arXiv preprint arXiv:1312.4400},
    year = {2013}
}
@inproceedings{he2016deep,
    title = {Deep residual learning for image recognition},
    author = {He, Kaiming and Zhang, Xiangyu and Ren, Shaoqing and Sun, Jian},
    booktitle = {Proceedings of the IEEE conference on computer vision and pattern recognition},
    pages = {770--778},
    year = {2016}
}
@article{zagoruyko2016wide,
    title = {Wide residual networks},
    author = {Zagoruyko, Sergey and Komodakis, Nikos},
    journal = {arXiv preprint arXiv:1605.07146},
    year = {2016}
}

@misc{krizhevsky2009learning,
    title = {Learning multiple layers of features from tiny images},
    author = {Krizhevsky, Alex and Hinton, Geoffrey and others},
    year = {2009},
    publisher = {Citeseer}
}

@article{torralba200880,
    title = {80 million tiny images: A large data set for nonparametric object and scene recognition},
    author = {Torralba, Antonio and Fergus, Rob and Freeman, William T},
    journal = {IEEE transactions on pattern analysis and machine intelligence},
    volume = {30},
    number = {11},
    pages = {1958--1970},
    year = {2008},
    publisher = {IEEE}
}

@article{nemirovski1999complexity,
    title = {On complexity of matrix scaling},
    author = {Nemirovski, Arkadi and Rothblum, Uriel},
    journal = {Linear Algebra and its Applications},
    volume = {302},
    pages = {435--460},
    year = {1999},
    publisher = {Elsevier}
}

@inproceedings{Stallkamp-IJCNN-2011,
    author = {Johannes Stallkamp and Marc Schlipsing and Jan Salmen and Christian Igel},
    booktitle = {IEEE International Joint Conference on Neural Networks},
    title = {The {G}erman {T}raffic {S}ign {R}ecognition {B}enchmark: A multi-class classification competition},
    year = {2011},
    pages = {1453--1460}
}

@inproceedings{wang2018cosface,
    title = {Cosface: Large margin cosine loss for deep face recognition},
    author = {Wang, Hao and Wang, Yitong and Zhou, Zheng and Ji, Xing and Gong, Dihong and Zhou, Jingchao and Li, Zhifeng and Liu, Wei},
    booktitle = {Proceedings of the IEEE conference on computer vision and pattern recognition},
    pages = {5265--5274},
    year = {2018}
}

@article{zhu2019new,
    title = {A New Loss Function for CNN Classifier Based on Predefined Evenly-Distributed Class Centroids},
    author = {Zhu, Qiuyu and Zhang, Pengju and Wang, Zhengyong and Ye, Xin},
    journal = {IEEE Access},
    volume = {8},
    pages = {10888--10895},
    year = {2019},
    publisher = {IEEE}
}

@inproceedings{NEURIPS2019_7503cfac,
    author = {Shafahi, Ali and Najibi, Mahyar and Ghiasi, Mohammad Amin and Xu, Zheng and Dickerson, John and Studer, Christoph and Davis, Larry S and Taylor, Gavin and Goldstein, Tom},
    booktitle = {Advances in Neural Information Processing Systems},
    editor = {H. Wallach and H. Larochelle and A. Beygelzimer and F. d¥textquotesingle Alch¥'{e}-Buc and E. Fox and R. Garnett},
    publisher = {Curran Associates, Inc.},
    title = {Adversarial training for free!},
    url = {https://proceedings.neurips.cc/paper/2019/file/7503cfacd12053d309b6bed5c89de212-Paper.pdf},
    volume = {32},
    year = {2019}
}


@article{8413121,  author = {Xian, Yongqin and Lampert, Christoph H. and Schiele, Bernt and Akata, Zeynep},  journal = {IEEE Transactions on Pattern Analysis and Machine Intelligence},   title = {Zero-Shot Learning—A Comprehensive Evaluation of the Good, the Bad and the Ugly},   year = {2019},  volume = {41},  number = {9},  pages = {2251-2265},  doi = {10.1109/TPAMI.2018.2857768} }

@article{terzi2020directional,
    title = {Directional adversarial training for cost sensitive deep learning classification applications},
    author = {Terzi, Matteo and Susto, Gian Antonio and Chaudhari, Pratik},
    journal = {Engineering Applications of Artificial Intelligence},
    volume = {91},
    pages = {103550},
    year = {2020},
    publisher = {Elsevier}
}

@inproceedings{asif2015adversarial,
    title = {Adversarial Cost-Sensitive Classification.},
    author = {Asif, Kaiser and Xing, Wei and Behpour, Sima and Ziebart, Brian D},
    booktitle = {UAI},
    pages = {92--101},
    year = {2015}
}

@article{shen2021adversarial,
    title = {Adversarial Learning with Cost-Sensitive Classes},
    author = {Shen, Haojing and Chen, Sihong and Wang, Ran and Wang, Xizhao},
    journal = {arXiv preprint arXiv:2101.12372},
    year = {2021}
}

@article{madry2017towards,
    title = {Towards deep learning models resistant to adversarial attacks},
    author = {Madry, Aleksander and Makelov, Aleksandar and Schmidt, Ludwig and Tsipras, Dimitris and Vladu, Adrian},
    journal = {arXiv preprint arXiv:1706.06083},
    year = {2017}
}


@article{li2017visualizing,
    title = {Visualizing the loss landscape of neural nets},
    author = {Li, Hao and Xu, Zheng and Taylor, Gavin and Studer, Christoph and Goldstein, Tom},
    journal = {arXiv preprint arXiv:1712.09913},
    year = {2017}
}

@article{tsipras2018robustness,
    title = {Robustness may be at odds with accuracy},
    author = {Tsipras, Dimitris and Santurkar, Shibani and Engstrom, Logan and Turner, Alexander and Madry, Aleksander},
    journal = {arXiv preprint arXiv:1805.12152},
    year = {2018}
}
@article{papernot2016towards,
    title = {Towards the science of security and privacy in machine learning},
    author = {Papernot, Nicolas and McDaniel, Patrick and Sinha, Arunesh and Wellman, Michael},
    journal = {arXiv preprint arXiv:1611.03814},
    year = {2016}
}
@article{kannan2018adversarial,
    title = {Adversarial logit pairing},
    author = {Kannan, Harini and Kurakin, Alexey and Goodfellow, Ian},
    journal = {arXiv preprint arXiv:1803.06373},
    year = {2018}
}

@inproceedings{deng2019arcface,
    title = {Arcface: Additive angular margin loss for deep face recognition},
    author = {Deng, Jiankang and Guo, Jia and Xue, Niannan and Zafeiriou, Stefanos},
    booktitle = {Proceedings of the IEEE/CVF Conference on Computer Vision and Pattern Recognition},
    pages = {4690--4699},
    year = {2019}
}

@misc{zhu2021understanding,
    title = {Understanding the Interaction of Adversarial Training with Noisy Labels},
    author = {Jianing Zhu and Jingfeng Zhang and Bo Han and Tongliang Liu and Gang Niu and Hongxia Yang and Mohan Kankanhalli and Masashi Sugiyama},
    year = {2021},
    eprint = {2102.03482},
    archivePrefix = {arXiv},
    primaryClass = {cs.LG}
}

@misc{zhang2020attacks,
    title = {Attacks Which Do Not Kill Training Make Adversarial Learning Stronger},
    author = {Jingfeng Zhang and Xilie Xu and Bo Han and Gang Niu and Lizhen Cui and Masashi Sugiyama and Mohan Kankanhalli},
    year = {2020},
    eprint = {2002.11242},
    archivePrefix = {arXiv},
    primaryClass = {cs.LG}
}

@inproceedings{zhang2021_GAIRAT,
    title = {Geometry-aware Instance-reweighted Adversarial Training},
    author = {Jingfeng Zhang and Jianing Zhu and Gang Niu and Bo Han and Masashi Sugiyama and Mohan Kankanhalli},
    booktitle = {International Conference on Learning Representations},
    year = {2021},
    url = {https://openreview.net/forum?id=iAX0l6Cz8ub}
}

@article{zhang2016understanding,
    title = {Understanding deep learning requires rethinking generalization},
    author = {Zhang, Chiyuan and Bengio, Samy and Hardt, Moritz and Recht, Benjamin and Vinyals, Oriol},
    journal = {arXiv preprint arXiv:1611.03530},
    year = {2016}
}

@inproceedings{rice2020overfitting, title = {Overfitting in adversarially robust deep learning}, author = {Rice, Leslie and Wong, Eric and Kolter, Zico}, booktitle = {International Conference on Machine Learning}, pages = {8093--8104}, year = {2020}, organization = {PMLR} }

@misc{chen2021guided,
    title = {Guided Interpolation for Adversarial Training},
    author = {Chen Chen and Jingfeng Zhang and Xilie Xu and Tianlei Hu and Gang Niu and Gang Chen and Masashi Sugiyama},
    year = {2021},
    eprint = {2102.07327},
    archivePrefix = {arXiv},
    primaryClass = {cs.LG}
}

@inproceedings{liu2017sphereface,
    title = {Sphereface: Deep hypersphere embedding for face recognition},
    author = {Liu, Weiyang and Wen, Yandong and Yu, Zhiding and Li, Ming and Raj, Bhiksha and Song, Le},
    booktitle = {Proceedings of the IEEE conference on computer vision and pattern recognition},
    pages = {212--220},
    year = {2017}
}

@article{wang2018additive,
    title = {Additive margin softmax for face verification},
    author = {Wang, Feng and Cheng, Jian and Liu, Weiyang and Liu, Haijun},
    journal = {IEEE Signal Processing Letters},
    volume = {25},
    number = {7},
    pages = {926--930},
    year = {2018},
    publisher = {IEEE}
}

@inproceedings{zhang2019adacos,
    title = {Adacos: Adaptively scaling cosine logits for effectively learning deep face representations},
    author = {Zhang, Xiao and Zhao, Rui and Qiao, Yu and Wang, Xiaogang and Li, Hongsheng},
    booktitle = {Proceedings of the IEEE/CVF Conference on Computer Vision and Pattern Recognition},
    pages = {10823--10832},
    year = {2019}
}

@inproceedings{panchapagesan2016multi,
    title = {Multi-task learning and weighted cross-entropy for DNN-based keyword spotting.},
    author = {Panchapagesan, Sankaran and Sun, Ming and Khare, Aparna and Matsoukas, Spyros and Mandal, Arindam and Hoffmeister, Bj{\"o}rn and Vitaladevuni, Shiv},
    booktitle = {Interspeech},
    volume = {9},
    pages = {760--764},
    year = {2016}
}

@misc{scott2021mises,
    title = {von Mises-Fisher Loss: An Exploration of Embedding Geometries for Supervised Learning},
    author = {Scott, Tyler R and Gallagher, Andrew C and Mozer, Michael C},
    journal = {arXiv preprint arXiv:2103.15718},
    year = {2021}
}

@inproceedings{chen2020angular,
    title = {Angular visual hardness},
    author = {Chen, Beidi and Liu, Weiyang and Yu, Zhiding and Kautz, Jan and Shrivastava, Anshumali and Garg, Animesh and Anandkumar, Animashree},
    booktitle = {International Conference on Machine Learning},
    pages = {1637--1648},
    year = {2020},
    organization = {PMLR}
}

@inproceedings{liu2016large,
    title = {Large-margin softmax loss for convolutional neural networks.},
    author = {Liu, Weiyang and Wen, Yandong and Yu, Zhiding and Yang, Meng},
    booktitle = {ICML},
    volume = {2},
    number = {3},
    pages = {7},
    year = {2016}
}

@misc{zhai2018classification,
    title = {Classification is a strong baseline for deep metric learning},
    author = {Zhai, Andrew and Wu, Hao-Yu},
    journal = {arXiv preprint arXiv:1811.12649},
    year = {2018}
}

@inproceedings{liang2017soft,
    title = {Soft-margin softmax for deep classification},
    author = {Liang, Xuezhi and Wang, Xiaobo and Lei, Zhen and Liao, Shengcai and Li, Stan Z},
    booktitle = {International Conference on Neural Information Processing},
    pages = {413--421},
    year = {2017},
    organization = {Springer}
}

@incollection{bridle1990probabilistic,
    title = {Probabilistic interpretation of feedforward classification network outputs, with relationships to statistical pattern recognition},
    author = {Bridle, John S},
    booktitle = {Neurocomputing},
    pages = {227--236},
    year = {1990},
    publisher = {Springer}
}

@misc{ranjan2017l2,
    title = {L2-constrained softmax loss for discriminative face verification},
    author = {Ranjan, Rajeev and Castillo, Carlos D and Chellappa, Rama},
    journal = {arXiv preprint arXiv:1703.09507},
    year = {2017}
}

@inproceedings{wang2020mis,
    title = {Mis-classified vector guided softmax loss for face recognition},
    author = {Wang, Xiaobo and Zhang, Shifeng and Wang, Shuo and Fu, Tianyu and Shi, Hailin and Mei, Tao},
    booktitle = {Proceedings of the AAAI Conference on Artificial Intelligence},
    volume = {34},
    number = {07},
    pages = {12241--12248},
    year = {2020}
}

@misc{kingma2014adam,
    title = {Adam: A method for stochastic optimization},
    author = {Kingma, Diederik P and Ba, Jimmy},
    journal = {arXiv preprint arXiv:1412.6980},
    year = {2014}
}

@inproceedings{ribeiro2016should,
    title = {" Why should i trust you?" Explaining the predictions of any classifier},
    author = {Ribeiro, Marco Tulio and Singh, Sameer and Guestrin, Carlos},
    booktitle = {Proceedings of the 22nd ACM SIGKDD international conference on knowledge discovery and data mining},
    pages = {1135--1144},
    year = {2016}
}

@inproceedings{selvaraju2017grad,
    title = {Grad-cam: Visual explanations from deep networks via gradient-based localization},
    author = {Selvaraju, Ramprasaath R and Cogswell, Michael and Das, Abhishek and Vedantam, Ramakrishna and Parikh, Devi and Batra, Dhruv},
    booktitle = {Proceedings of the IEEE international conference on computer vision},
    pages = {618--626},
    year = {2017}
}
@article{chen2019looks,
    title = {This looks like that: deep learning for interpretable image recognition},
    author = {Chen, Chaofan and Li, Oscar and Tao, Daniel and Barnett, Alina and Rudin, Cynthia and Su, Jonathan K},
    journal = {Advances in neural information processing systems},
    volume = {32},
    year = {2019}
}

@article{li2022explainability,
    title = {Explainability in Graph Neural Networks: An Experimental Survey},
    author = {Li, Peibo and Yang, Yixing and Pagnucco, Maurice and Song, Yang},
    journal = {arXiv preprint arXiv:2203.09258},
    year = {2022}
}
@article{ying2019gnnexplainer,
    title = {Gnnexplainer: Generating explanations for graph neural networks},
    author = {Ying, Zhitao and Bourgeois, Dylan and You, Jiaxuan and Zitnik, Marinka and Leskovec, Jure},
    journal = {Advances in neural information processing systems},
    volume = {32},
    year = {2019}
}